Automatically generated by Mendeley Desktop 1.17.9
Any changes to this file will be lost if it is regenerated by Mendeley.

BibTeX export options can be customized via Preferences -> BibTeX in Mendeley Desktop

@article{Li2012,
author = {Li, Haocheng},
file = {:Users/haziqjamil/Documents/Mendeley Desktop/Li/Unknown/Li - 2012 - Longitudinal Data Analysis with Composite Likelihood Methods.pdf:pdf},
title = {{Longitudinal Data Analysis with Composite Likelihood Methods}},
url = {https://uwspace.uwaterloo.ca/handle/10012/6848},
year = {2012}
}
@article{Booth1999,
author = {Booth, J. G. and Hobert, J. P.},
doi = {10.1111/1467-9868.00176},
file = {:Users/haziqjamil/Documents/Mendeley Desktop/Booth, Hobert/Journal of the Royal Statistical Society Series B (Statistical Methodology)/Booth, Hobert - 1999 - Maximizing generalized linear mixed model likelihoods with an automated Monte Carlo EM algorithm.pdf:pdf},
issn = {1369-7412},
journal = {Journal of the Royal Statistical Society: Series B (Statistical Methodology)},
keywords = {approximation,con,dence ellipsoid,hastings,importance sampling,laplace,markov chain monte carlo,method,metropolis algorithm,rejection sampling,salamander data,sandwich},
month = {feb},
number = {1},
pages = {265--285},
title = {{Maximizing generalized linear mixed model likelihoods with an automated Monte Carlo EM algorithm}},
url = {http://doi.wiley.com/10.1111/1467-9868.00176},
volume = {61},
year = {1999}
}
