Automatically generated by Mendeley Desktop 1.17.9
Any changes to this file will be lost if it is regenerated by Mendeley.

BibTeX export options can be customized via Preferences -> BibTeX in Mendeley Desktop

@article{Bergsma2014,
author = {Bergsma, Wicher P},
file = {:Users/haziqjamil/Documents/Mendeley Desktop/Bergsma/Unpublished/Bergsma - 2016 - Objective Bayes regression with I-priors.pdf:pdf;:Users/haziqjamil/Documents/Mendeley Desktop/Bergsma/Unpublished/Bergsma - 2016 - Objective Bayes regression with I-priors(2).pdf:pdf},
journal = {[Unpublished]},
title = {{Objective Bayes regression with I-priors}},
year = {2016}
}
