Automatically generated by Mendeley Desktop 1.17.9
Any changes to this file will be lost if it is regenerated by Mendeley.

BibTeX export options can be customized via Preferences -> BibTeX in Mendeley Desktop

@techreport{Betancourt2016,
address = {Tokyo},
author = {Betancourt, Michael},
institution = {Tokyo Stan},
title = {{Scalable Bayesian Inference with Hamiltonian Monte Carlo}},
year = {2016}
}
@book{wickham2015r,
author = {Wickham, Hadley},
publisher = {O'Reilly Media, Inc. http://r-pkgs.had.co.nz},
title = {{R Packages: Organize, Test, Document, and Share Your Code}},
url = {http://r-pkgs.had.co.nz},
year = {2015}
}
@techreport{Betancourt2014,
author = {Betancourt, Michael},
institution = {Machine Learning Summer School (Iceland 2014)},
title = {{Efficient Bayesian inference with Hamiltonian Monte Carlo}},
url = {https://www.youtube.com/watch?v=pHsuIaPbNbY},
year = {2014}
}
